% This file was created with JabRef 2.4.1.
% Encoding: Cp1252

@article{xiang2007robust,
  title={Robust Audio Watermarking Against the D/A and A/D Conversions},
  author={Xiang, Shijun and Huang, Jiwu},
  journal={arXiv preprint arXiv:0707.0397},
  year={2007}
}

@article{wu2005efficiently,
  title={Efficiently self-synchronized audio watermarking for assured audio data transmission},
  author={Wu, Shaoquan and Huang, Jiwu and Huang, Daren and Shi, Yun Q},
  journal={Broadcasting, IEEE Transactions on},
  volume={51},
  number={1},
  pages={69--76},
  year={2005},
  publisher={IEEE}
}

@incollection{chang2012location,
  title={Location based robust audio watermarking algorithm for social TV system},
  author={Chang, Di and Zhang, Xia and Liu, Qiong and Gao, Ge and Wu, Yue},
  booktitle={Advances in Multimedia Information Processing--PCM 2012},
  pages={726--738},
  year={2012},
  publisher={Springer}
}

@article{bassia2001robust,
  title={Robust audio watermarking in the time domain},
  author={Bassia, Paraskevi and Pitas, Ioannis and Nikolaidis, Nikos},
  journal={Multimedia, IEEE Transactions on},
  volume={3},
  number={2},
  pages={232--241},
  year={2001},
  publisher={IEEE}
}

@inproceedings{steinebach2002audio,
  title={Audio watermarking quality evaluation: robustness to DA/AD processes},
  author={Steinebach, Martin and Lang, Andreas and Dittmann, Jana and Neubauer, Christian},
  booktitle={Information Technology: Coding and Computing, 2002. Proceedings. International Conference on},
  pages={100--103},
  year={2002},
  organization={IEEE}
}

@article{thiede2000peaq,
	title = {PEAQ - The ITU Standard for Objective Measurement of Perceived Audio Quality},
	author = {Thiede, Thilo and Treurniet, William C. and Bitto, Roland and Schmidmer, Christian and Sporer, Thomas and Beerends, John G. and Colomes, Catherine},
	journal = {J. Audio Eng. Soc},
	volume = {48},
	number = {1/2},
	pages = {3--29},
	year = {2000},
	url = {http://www.aes.org/e-lib/browse.cfm?elib=12078}
}

